<?xml version="1.0" encoding="utf-8"?>
<record xmlns="http://www.loc.gov/MARC21/slim" xmlns:xsi="http://www.w3.org/2001/XMLSchema-instance" xsi:schemaLocation="http://www.loc.gov/MARC21/slim http://www.loc.gov/standards/marcxml/schema/MARC21slim.xsd">
	<leader>     nam a22     Mi 4500</leader>
	<controlfield tag="001">4844462</controlfield>
	<controlfield tag="003">NNC</controlfield>
	<controlfield tag="006">m        d        </controlfield>
	<controlfield tag="007">cr cn |||m|||a</controlfield>
	<controlfield tag="008">190509s1932    le      o     000 0 fre d</controlfield>
	<datafield ind1=" " ind2=" " tag="040">
		<subfield code="a">ZYU</subfield>
		<subfield code="b">ara</subfield>
		<subfield code="e">rda</subfield>
		<subfield code="c">ZYU</subfield>
	</datafield>
	<datafield ind1="0" ind2=" " tag="100">
		<subfield code="6">880-01</subfield>
		<subfield code="a">Averroës,</subfield>
		<subfield code="d">1126-1198.</subfield>
	</datafield>
	<datafield ind1="1" ind2="0" tag="240">
		<subfield code="6">880-02</subfield>
		<subfield code="a">Talkhīṣ Kitāb al-Maqūlāt</subfield>
	</datafield>
	<datafield ind1="1" ind2="0" tag="245">
		<subfield code="a">Talkhiç kitab al-maqoulat /</subfield>
		<subfield code="c">Averroès ; texte arabe inédit publié avec une recension nouvelle du Kitab al-maqoulat (Catégories) d'Aristote par Maurice Bouyges.</subfield>
	</datafield>
	<datafield ind1=" " ind2=" " tag="260">
		<subfield code="a">Beyrouth :</subfield>
		<subfield code="b">Imprimerie Catholique,</subfield>
		<subfield code="c">1932.</subfield>
	</datafield>
	<datafield ind1=" " ind2=" " tag="300">
		<subfield code="a">online resource (xl, 183 pages)</subfield>
	</datafield>
	<datafield ind1=" " ind2=" " tag="336">
		<subfield code="a">text</subfield>
		<subfield code="2">rdacontent</subfield>
	</datafield>
	<datafield ind1=" " ind2=" " tag="337">
		<subfield code="a">computer</subfield>
		<subfield code="2">rdamedia</subfield>
	</datafield>
	<datafield ind1=" " ind2=" " tag="338">
		<subfield code="a">online resource</subfield>
		<subfield code="2">rdacarrier</subfield>
	</datafield>
	<datafield ind1="1" ind2=" " tag="490">
		<subfield code="a">Bibliotheca arabica scholasticorum. Série arabe,</subfield>
		<subfield code="v">t. 4</subfield>
	</datafield>
	<datafield ind1=" " ind2=" " tag="500">
		<subfield code="a">Part of the Arabic Collections Online (ACO) project, contributed by Columbia University Libraries.</subfield>
	</datafield>
	<datafield ind1=" " ind2=" " tag="533">
		<subfield code="a">Electronic reproduction.</subfield>
		<subfield code="b">New York, N.Y. :</subfield>
		<subfield code="c">New York University,</subfield>
		<subfield code="d">2019.</subfield>
		<subfield code="5">NNU</subfield>
	</datafield>
	<datafield ind1="0" ind2="0" tag="600">
		<subfield code="a">Aristotle.</subfield>
		<subfield code="t">Categoriae.</subfield>
	</datafield>
	<datafield ind1="0" ind2="7" tag="630">
		<subfield code="a">Categoriae (Aristotle)</subfield>
		<subfield code="2">fast</subfield>
		<subfield code="0">(OCoLC)fst01357313</subfield>
	</datafield>
	<datafield ind1="1" ind2=" " tag="700">
		<subfield code="a">Bouyges, Maurice,</subfield>
		<subfield code="e">editor.</subfield>
	</datafield>
	<datafield ind1="2" ind2=" " tag="710">
		<subfield code="a">Columbia University.</subfield>
		<subfield code="b">Libraries.</subfield>
	</datafield>
	<datafield ind1="0" ind2=" " tag="730">
		<subfield code="a">Arabic Collections Online.</subfield>
	</datafield>
	<datafield ind1="0" ind2="8" tag="776">
		<subfield code="i">Online version:</subfield>
		<subfield code="a">Averroës, 1126-1198.</subfield>
		<subfield code="t">Talkhiq loitāb al-maqoūlāt.</subfield>
		<subfield code="d">Beyrouth, Impr. catholique, 1932</subfield>
		<subfield code="w">(OCoLC)551374062</subfield>
	</datafield>
	<datafield ind1="0" ind2="8" tag="776">
		<subfield code="i">Online version:</subfield>
		<subfield code="a">Averroës, 1126-1198.</subfield>
		<subfield code="t">Talkhiq loitāb al-maqoūlāt.</subfield>
		<subfield code="d">Beyrouth, Impr. catholique, 1932</subfield>
		<subfield code="w">(OCoLC)609133012</subfield>
	</datafield>
	<datafield ind1="0" ind2="8" tag="776">
		<subfield code="i">Print version:</subfield>
		<subfield code="a">Averroës, 1126-1198.</subfield>
		<subfield code="t">Talkhiç kitab al-maqoulat</subfield>
		<subfield code="w">(NNC)4844462</subfield>
		<subfield code="w">(OCoLC)23401474</subfield>
	</datafield>
	<datafield ind1=" " ind2="0" tag="830">
		<subfield code="a">Bibliotheca arabica scholasticorum.</subfield>
		<subfield code="p">Série arabe ;</subfield>
		<subfield code="v">t. 4.</subfield>
	</datafield>
	<datafield ind1="4" ind2="0" tag="856">
		<subfield code="u">http://hdl.handle.net/2333.1/05qfv2pv</subfield>
	</datafield>
	<datafield ind1="0" ind2=" " tag="880">
		<subfield code="6">100-01</subfield>
		<subfield code="a">‏ابن رشد،‏</subfield>
		<subfield code="d">‏1126-1198</subfield>
	</datafield>
	<datafield ind1="1" ind2="0" tag="880">
		<subfield code="6">240-02</subfield>
		<subfield code="a">تلخيص كتاب المقولات</subfield>
	</datafield>
	<datafield ind1=" " ind2=" " tag="959">
		<subfield code="a">NNU</subfield>
		<subfield code="b">WEB</subfield>
		<subfield code="c">GENI</subfield>
		<subfield code="t">0</subfield>
		<subfield code="m">Electronic access</subfield>
		<subfield code="s">01</subfield>
	</datafield>
	<datafield ind1=" " ind2=" " tag="999">
		<subfield code="i">NNC_4844462</subfield>
		<subfield code="o">(OCoLC)ocm23401474</subfield>
		<subfield code="s">columbia_aco003865</subfield>
		<subfield code="e">(ERROR-880)(ERROR-SERIES)(ERROR-MISC)</subfield>
		<subfield code="s">columbia_aco003865</subfield>
	</datafield>
</record>
